<record xmlns="http://www.loc.gov/MARC21/slim" xmlns:xsi="http://www.w3.org/2001/XMLSchema-instance" xsi:schemaLocation="http://www.loc.gov/MARC21/slim http://www.loc.gov/standards/marcxml/schema/MARC21slim.xsd"><leader>02278nam a2200397   4500</leader><controlfield tag="001">3076419</controlfield><controlfield tag="003">NNC</controlfield><controlfield tag="006">m        d        </controlfield><controlfield tag="007">cr cn |||m|||a</controlfield><controlfield tag="008">150223s1964    iq      o     000 0 arar </controlfield><datafield ind1=" " ind2=" " tag="040"><subfield code="a">NNU</subfield><subfield code="b">eng</subfield><subfield code="c">NNU</subfield></datafield><datafield ind1=" " ind2=" " tag="043"><subfield code="a">a-iq---</subfield></datafield><datafield ind1="1" ind2=" " tag="100"><subfield code="6">880-01</subfield><subfield code="a">H&#803;anafi&#772;, Jala&#772;l.</subfield></datafield><datafield ind1="1" ind2="3" tag="245"><subfield code="6">880-02</subfield><subfield code="a">al-Ayma&#772;n al-Baghda&#772;di&#772;yah</subfield><subfield code="h">[electronic resource] :</subfield><subfield code="b">ma&#699;a mala&#772;h&#803;iq bi-al-ayma&#772;n al-H&#803;illi&#772;yah wa-al-Maws&#803;ili&#772;yah wa-al-&#699;Ima&#772;ri&#772;yah wa-al-Hi&#772;ti&#772;yah wa-al-Sa&#772;marra&#772;&#700;i&#772;yah wa-al-Karbala&#772;&#700;i&#772;yah wa-al-Na&#772;s&#803;iri&#772;yah /</subfield><subfield code="c">tas&#803;ni&#772;f Jala&#772;l al-H&#803;anafi&#772; ; qaddama la-hu wa-&#699;allaqa &#699;alayhi &#699;Abd al-H&#803;ami&#772;d al-&#699;Alwaji&#772;.</subfield></datafield><datafield ind1="1" ind2="5" tag="246"><subfield code="a">Baghdad oaths</subfield></datafield><datafield ind1=" " ind2=" " tag="260"><subfield code="6">880-03</subfield><subfield code="a">[Baghda&#772;d] :</subfield><subfield code="b">Maktabat al-Nahd&#803;ah,</subfield><subfield code="c">[1964]</subfield></datafield><datafield ind1=" " ind2=" " tag="300"><subfield code="a">online resource (174 p.)</subfield></datafield><datafield ind1=" " ind2=" " tag="500"><subfield code="a">Title on added t.p.: Baghdad oaths, by Jalal al-Hanafi&#772;.</subfield></datafield><datafield ind1=" " ind2=" " tag="500"><subfield code="a">Part of the Arabic Collections Online (ACO) project, contributed by Columbia University Libraries.</subfield></datafield><datafield ind1=" " ind2=" " tag="533"><subfield code="a">Electronic reproduction.</subfield><subfield code="b">New York, N.Y. :</subfield><subfield code="c">New York University,</subfield><subfield code="d">2015.</subfield><subfield code="5">NNU</subfield></datafield><datafield ind1=" " ind2="0" tag="650"><subfield code="a">Oaths</subfield><subfield code="z">Iraq</subfield><subfield code="z">Baghdad.</subfield></datafield><datafield ind1=" " ind2="0" tag="650"><subfield code="a">Oaths (Islamic law)</subfield></datafield><datafield ind1=" " ind2="7" tag="650"><subfield code="a">Oaths.</subfield><subfield code="2">fast</subfield><subfield code="0">(OCoLC)fst01042646</subfield></datafield><datafield ind1=" " ind2="7" tag="650"><subfield code="a">Oaths (Islamic law)</subfield><subfield code="2">fast</subfield><subfield code="0">(OCoLC)fst01042656</subfield></datafield><datafield ind1=" " ind2="7" tag="651"><subfield code="a">Iraq</subfield><subfield code="z">Baghdad.</subfield><subfield code="2">fast</subfield><subfield code="0">(OCoLC)fst01207444</subfield></datafield><datafield ind1="1" ind2=" " tag="700"><subfield code="6">880-04</subfield><subfield code="a">&#699;Alwachi&#772;, &#699;Abd al-H&#803;ami&#772;d.</subfield></datafield><datafield ind1="2" ind2=" " tag="710"><subfield code="a">Columbia University.</subfield><subfield code="b">Libraries.</subfield></datafield><datafield ind1="0" ind2=" " tag="730"><subfield code="a">Arabic Collections Online.</subfield></datafield><datafield ind1="0" ind2="8" tag="776"><subfield code="i">Print version:</subfield><subfield code="a">H&#803;anafi&#772;, Jala&#772;l.</subfield><subfield code="t">al-Ayma&#772;n al-Baghda&#772;di&#772;yah</subfield><subfield code="w">(NNC)3076419</subfield><subfield code="w">(DLC)ne 66000235 </subfield><subfield code="w">(OCoLC)504989715</subfield></datafield><datafield ind1="4" ind2="0" tag="856"><subfield code="u">http://hdl.handle.net/2333.1/b5mkkzc8</subfield></datafield><datafield ind1="1" ind2=" " tag="880"><subfield code="6">100-01</subfield><subfield code="a">&#1581;&#1606;&#1601;&#1610;&#1548; &#1580;&#1604;&#1575;&#1604;.</subfield></datafield><datafield ind1="1" ind2="2" tag="880"><subfield code="6">245-02</subfield><subfield code="a">&#1575;&#1604;&#1571;&#1610;&#1605;&#1575;&#1606; &#1575;&#1604;&#1576;&#1594;&#1583;&#1575;&#1583;&#1610;&#1577; :</subfield><subfield code="b">&#1605;&#1593; &#1605;&#1604;&#1575;&#1581;&#1602; &#1576;&#1575;&#1604;&#1571;&#1610;&#1605;&#1575;&#1606; &#1575;&#1604;&#1581;&#1604;&#1610;&#1577; &#1608;&#1575;&#1604;&#1605;&#1608;&#1589;&#1604;&#1610;&#1577; &#1608;&#1575;&#1604;&#1593;&#1605;&#1575;&#1585;&#1610;&#1577; &#1608;&#1575;&#1604;&#1607;&#1610;&#1578;&#1610;&#1577; &#1608;&#1575;&#1604;&#1587;&#1575;&#1605;&#1585;&#1575;&#1574;&#1610;&#1577; &#1608;&#1575;&#1604;&#1603;&#1585;&#1576;&#1604;&#1575;&#1574;&#1610;&#1577; &#1608;&#1575;&#1604;&#1606;&#1575;&#1589;&#1585;&#1610;&#1577; /</subfield><subfield code="c">&#1578;&#1589;&#1606;&#1610;&#1601; &#1580;&#1604;&#1575;&#1604; &#1575;&#1604;&#1581;&#1606;&#1601;&#1610; &#1563; &#1602;&#1583;&#1605; &#1604;&#1607; &#1608;&#1593;&#1604;&#1602; &#1593;&#1604;&#1610;&#1607; &#1593;&#1576;&#1583; &#1575;&#1604;&#1581;&#1605;&#1610;&#1583; &#1575;&#1604;&#1593;&#1604;&#1608;&#1580;&#1610;.</subfield></datafield><datafield ind1=" " ind2=" " tag="880"><subfield code="6">260-03</subfield><subfield code="a">[&#1576;&#1594;&#1583;&#1575;&#1583;] :</subfield><subfield code="b">&#1605;&#1603;&#1578;&#1576;&#1577; &#1575;&#1604;&#1606;&#1607;&#1590;&#1577;&#1548;</subfield><subfield code="c">[1964]</subfield></datafield><datafield ind1="1" ind2=" " tag="880"><subfield code="6">700-04</subfield><subfield code="a">&#1593;&#1604;&#1608;&#1670;&#1610;&#1548; &#1593;&#1576;&#1583; &#1575;&#1604;&#1581;&#1605;&#1610;&#1583;.</subfield></datafield><datafield ind1=" " ind2=" " tag="959"><subfield code="a">NNU</subfield><subfield code="b">WEB</subfield><subfield code="c">GENI</subfield><subfield code="t">0</subfield><subfield code="m">Electronic access</subfield><subfield code="s">01</subfield></datafield><datafield ind1=" " ind2=" " tag="999"><subfield code="i">NNC_3076419</subfield><subfield code="o">(OCoLC)504989715</subfield><subfield code="e">OK</subfield><subfield code="s">columbia_aco000023</subfield></datafield></record>